@book{Burdea.2003,
 author = {Burdea, Grigore C. and Coiffet, Philippe},
 year = {2003},
 title = {Virtual Reality Technology},
 edition = {2. ed.},
 publisher = {John Wiley \& Sons},
 isbn = {0-471-36089-9},
 location = {Hoboken, NJ, USA}
}

@book{Forsyth.2012,
 author = {Forsyth, David A. and Ponce, Jean},
 year = {2012},
 title = {Computer vision: a modern approach},
 edition = {2. ed.},
 publisher = {Pearson},
 isbn = {0-273-76414-4},
 location = {Boston, Mass.; Munich [et al.]}
}

@book{Goldstein.2015,
 author = {Goldstein, E. Bruce},
 title = {Wahrnehmungspsychologie: der Grundkurs},
 address = {Berlin; Heidelberg; DE},
 year = {[2015]},
 publisher = {Springer Berlin Heidelberg},
 publisher = {Stürtz},
 edition = {9. ed.},
 ISBN = {978-3-642-55073-7},
}

@book{Gregory.2014, 
author = {Gregory, Jason},
 year = {2014},
 title = {Game engine architecture},
 address = {Boca Raton, FL, USA},
 edition = {2. ed.},
 publisher = {{CRC Press}},
 isbn = {978-1-4665-6001-7}
}


@book{Hartley.2011,
 author = {Hartley, Richard and Zisserman, Andrew},
 year = {2011},
 title = {Multiple view geometry in computer vision},
 edition = {2. ed.},
 publisher = {Cambridge Univ. Press},
 isbn = {978-0-521-54051-3},
 location = {Cambridge, UK}
}

@book{Latham.1995,
 author = {Latham, Roy},
 year = {1995},
 title = {The Dictionary of Computer Graphics and Virtual Reality},
 edition = {2. ed.},
 publisher = {Springer Berlin Heidelberg},
 isbn = {0-387-94405-2},
 location = {New York, NY, USA}
}

@book{Luhmann.2014,
 editor = {Luhmann, Thomas and Robson, Stuart and Kyle, Stephen and Boehm, Jan},
 year = {2014},
 title = {Close-range photogrammetry and 3D imaging},
 publisher = {De Gruyter},
 isbn = {978-3-11-030269-1},
 edition = {2. ed.},
 location = {Berlin, DE [et al.]}
}

@book{Szeliski.2011,
 author = {Szeliski, Richard},
 year = {2011},
 title = {Computer Vision: Algorithms and Applications},
 publisher = {Springer Berlin Heidelberg},
 isbn = {978-1-84882-934-3},
 location = {London; Heidelberg [et al.]}
}

@book{Toennis.2010,
 author = {Tönnis, Marcus},
 year = {2010},
 title = {Informatik im Fokus - Augmented Reality: Einblicke in die Erweiterte Realität},
 publisher = {Springer Berlin Heidelberg},
 isbn = {978-3-642-14178-2},
 location = {Berlin, Heidelberg, DE}
}

@article{Gizmag.2010,
 author = {Quick, Darren},
 year = {2010},
 title = {NVIDIA 3D Vision Pro has professional market in its stereoscopic sights},
 journal = {gizmag},
 url = {http://www.gizmag.com/nvidia-3d-vision-pro/15876/},
 urldate = {2016-05-17}
}

@Inbook{Doerner.2013,
 author = {Dörner, Ralf and Jung, Bernhard and Grimm, Paul and Broll, Wolfgang and Göbel, Martin},
 editor = {Dörner, Ralf and Broll, Wolfgang and Grimm, Paul and Jung, Bernhard},
 chapter = {Einleitung},
 title = {Virtual und Augmented Reality (VR / AR): Grundlagen und Methoden der Virtuellen und Augmentierten Realität},
 year = {2013},
 publisher = {Springer Berlin Heidelberg},
 address = {Berlin, Heidelberg, DE},
 pages = {1--31},
 isbn = {978-3-642-28903-3},
 doi = {10.1007/978-3-642-28903-3_1},
 url = {http://dx.doi.org/10.1007/978-3-642-28903-3_1}
}

@inbook {Hottong.2009,
 author = {Hofmeyer, Frank},
 editor = {Hottong, Nikolaus and Lesik, Dominik},
 chapter = {Tiefenwahrnehmung},
 pages = {28--55},
 title = {Stereoskope HD-Produktion: Grundlagen, Konzepte, Testergebnisse},
 address = {Furtwangen, DE},
 year = {2009},
 publisher = {Faculty of Digital Media Hochschule Furtwangen},
 ISBN = {3-9810384-6-0},
 ISBN = {3-9810384-60}
}

@misc{GoogleDev.2016,
 author = {Google Developers},
 year = {2016},
 title = {Google Cardboard Project},
 publisher = {Google},
 url = {https://developers.google.com/cardboard/},
 urldate = {2016-05-16},
}

@misc{Haefele.2014,
 author = {Häfele, Sarah},
 year = {2014},
 title = {Konzeption und prototypische Realisierung eines HMD basierten Augmented-Reality-Systems},
 note = {Bachelor's thesis, see digital annex}
}

@misc{Heilig.1957,
 author = {Heilig, Morton L},
 year = {1960},
 title = {Stereoscopic-television apparatus for individual use},
 publisher = {Google Patents},
 url = {http://www.google.com/patents/US2955156},
 urldate = {2016-05-16},
 note = {US Patent 2,955,156}
}

@misc{Lowe.2016,
 author = {Lowe, David G.},
 year = {2016},
 title = {The Computer Vision Industry},
 url = {http://www.cs.ubc.ca/~lowe/vision.html},
 urldate = {2016-05-16}
}

@misc{Meshlab.2016,
 author = {Cignoni, Paolo and Ranzuglia, Guido}, 
 year = {2016},
 title = {MeshLab},
 url = {http://meshlab.sourceforge.net/},
 urldate = {2016-05-03}
}

@misc{Nasa.2009,
 author = {Batchelor, David Allen},
 year = {2009},
 title = {The Science of Star Trek},
 publisher = {gizmag},
 url = {http://www.nasa.gov/topics/technology/features/star_trek.html},
 urldate = {2016-05-17}
}

@misc{MathWorks.2016,
 author = {MathWorks}, 
 year = {2016},
 title = {MATLAB},
 publisher = {MathWorks},
 url = {http://www.mathworks.com/products/matlab/},
 urldate = {2016-05-18}
}

@misc{Niantic.2016,
 author = {NianticInc.}, 
 year = {2016},
 title = {Ingress Help},
 publisher = {Niantic, Inc.},
 url = {https://support.ingress.com/hc/},
 urldate = {2016-05-18}
}

@misc{Oculus.2016,
 author = {OculusVR}, 
 year = {2016},
 title = {Oculus Rift Development Kit 2},
 url = {https://www.oculus.com/en-us/dk2/},
 urldate = {2016-05-03}
}

@misc{Optronis.2016,
 author = {Optronis}, 
 year = {2016},
 title = {Optronis - Make time visible},
 url = {http://www.optronis.com},
 urldate = {2016-05-19}
}

@proceedings{ISMAR.2004,
 year = {2004},
 title = {International Symposium on Mixed and Augmented Reality},
 address = {Arlington, Virginia, USA}
}

@InProceedings{Gordon.2004,
  author    = {Gordon, Iryna and Lowe, David G.},
  title     = {Scene modelling, recognition and tracking with invariant image features},
  page = {110--119},
  url = {http://www.cs.ubc.ca/~lowe/papers/gordon04.pdf},
  crossref = {ISMAR.2004}
}

@proceedings{ICRA.2010,
 year = {2010},
 title = {International Conference on Robotics and Automation (ICRA)},
 address = {Anchorage, Alaska, USA}
}

@InProceedings{Helmer.2010,
  author    = {Helmer, Scott and Lowe, David G.},
  title     = {Using Stereo for Object Recognition},
  url = {http://www.cs.ubc.ca/~lowe/papers/10helmer.pdf},
  crossref = {ICRA.2010}
}

@proceedings{CVPR.1999,
 year = {1999},
 title = {IEEE Conference on Computer Vision and Pattern Recognition},
 address = {Colorado, USA},
 publisher = {IEE}
}

@InProceedings{Loop.2001,
  author    = {Loop, C. and Zhang, Z.},
  title     = {Computing Rectifying Homographies for Stereo Vision},
  page = {125--131},
  url = {http://research.microsoft.com/pubs/68542/tr99-21.pdf},
  crossref = {CVPR.1999}
}

@proceedings{CVPR.2001,
 year = {2001},
 title = {IEEE Conference on Computer Vision and Pattern Recognition},
 address = {Kanuai, Hawaii, USA},
 publisher = {IEE}
}

@InProceedings{Lowe.2001,
  author    = {Lowe, David G.},
  title     = {Local feature view clustering for 3D object recognition},
  page = {682--688},
  url = {http://www.cs.ubc.ca/~lowe/papers/cvpr01.pdf},
  crossref = {CVPR.2001}
}

@proceedings{ACCV.2004,
 year = {2004},
 title = {Asian Conference on Computer Vision (ACCV)},
 address = {Jeju Island, KR}
}

@InProceedings{Okuma.2004,
  author    = {Okuma, Kenji and Lowe, David G.},
  title     = {Automatic rectification of long image sequences},
  year = {2004},
  url = {http://www.cs.ubc.ca/~lowe/papers/okuma04b.pdf},
  crossref = {ACCV.2004}
}

@InProceedings{Rusu.2011,
  author    = {Rusu, Radu Bogdan and Cousins, Steve},
  title     = {3D is here: Point Cloud Library (PCL)},
  booktitle = {IEEE International Conference on Robotics and Automation (ICRA)},
  month     = {May 9-13},
  year      = {2011},
  address   = {Shanghai, CN},
  url = {http://www.pointclouds.org/assets/pdf/pcl_icra2011.pdf}
}

@InProceedings{Tucakov.1997,
  author    = {Tucakov, Vladimir and Lowe, David G.},
  title     = {Temporally coherent stereo: improving performance through knowledge of motion},
  booktitle = {IEEE International Conference on Robotics and Automation (ICRA)},
  year      = {1997},
  address   = {Albuquerque, NM, USA},
  url = {http://www.cs.ubc.ca/~lowe/papers/tucakov97.pdf}
}